<?xml version="1.0" encoding="UTF-8"?>
<record xmlns="http://www.loc.gov/MARC21/slim">
   <leader>01845cam a2200373 a 4500</leader>
   <controlfield tag="001">889963</controlfield>
   <controlfield tag="003">NjP</controlfield>
   <controlfield tag="005">20190705142415.0</controlfield>
   <controlfield tag="008">940602s1990    ir       b    000 0bara d</controlfield>
   <datafield tag="024" ind1="7" ind2=" ">
      <subfield code="a">princeton_aco003040</subfield>
      <subfield code="2">local</subfield>
   </datafield>
   <datafield ind1=" " ind2=" " tag="040">
      <subfield code="a">NjP</subfield>
      <subfield code="c">PUL</subfield>
      <subfield code="d">PUL</subfield>
   </datafield>
   <datafield ind1=" " ind2=" " tag="035">
      <subfield code="a">(CStRLIN)NJPG94-B31709</subfield>
   </datafield>
   <datafield ind1=" " ind2=" " tag="035">
      <subfield code="9">CBD9950TS</subfield>
   </datafield>
   <datafield ind1=" " ind2=" " tag="035">
      <subfield code="a">(NjP)889963</subfield>
   </datafield>
   <datafield ind1=" " ind2=" " tag="049">
      <subfield code="a">PULL</subfield>
   </datafield>
   <datafield ind1=" " ind2=" " tag="035">
      <subfield code="a">(OCoLC)ocm30581866</subfield>
   </datafield>
   <datafield ind1="2" ind2=" " tag="110">
      <subfield code="6">880-01</subfield>
      <subfield code="a">Dar Rāh-i Ḥaqq (Institute).</subfield>
      <subfield code="b">Hayʼat-i Taḥrīrīyah.</subfield>
      <subfield code="0">http://id.loc.gov/authorities/names/n85235869</subfield>
   </datafield>
   <datafield ind1="1" ind2="3" tag="245">
      <subfield code="6">880-02</subfield>
      <subfield code="a">al-Imām al-khāmis, al-Imām Muḥammad ibn ʻAlī al-Bāqir /</subfield>
      <subfield code="c">Lajnat al-Taḥrīr Fī Ṭarīq al-Ḥaqq ; [tarjamat] Muḥammad ʻAbd al-Munʻim al-Khāqānī.</subfield>
   </datafield>
   <datafield ind1=" " ind2=" " tag="250">
      <subfield code="6">880-03</subfield>
      <subfield code="a">al-Ṭabʻah 1.</subfield>
   </datafield>
   <datafield ind1=" " ind2=" " tag="260">
      <subfield code="6">880-04</subfield>
      <subfield code="a">Qum :</subfield>
      <subfield code="b">Muʼassasat Fī Ṭarīq al-Ḥaqq,</subfield>
      <subfield code="c">1369 [1990]</subfield>
   </datafield>
   <datafield ind1=" " ind2=" " tag="300">
      <subfield code="a">27 p. ;</subfield>
      <subfield code="c">21 cm.</subfield>
   </datafield>
   <datafield ind1=" " ind2=" " tag="500">
      <subfield code="a">Cover title.</subfield>
   </datafield>
   <datafield ind1=" " ind2=" " tag="504">
      <subfield code="a">Includes bibliographical references.</subfield>
   </datafield>
   <datafield ind1="0" ind2="0" tag="600">
      <subfield code="6">880-05</subfield>
      <subfield code="a">Muḥammad al-Bāqir ibn ʻAlī Zayn al-ʻĀbidīn,</subfield>
      <subfield code="d">-731 or 732.</subfield>
      <subfield code="0">http://id.loc.gov/authorities/names/n88287630</subfield>
   </datafield>
   <datafield ind1=" " ind2="0" tag="650">
      <subfield code="a">Imams (Shiites)</subfield>
      <subfield code="x">Biography.</subfield>
      <subfield code="0">http://id.loc.gov/authorities/subjects/sh2008104277</subfield>
   </datafield>
   <datafield ind1="2" ind2=" " tag="880">
      <subfield code="6">110-01/r</subfield>
      <subfield code="a">در راها حق (Institute).</subfield>
      <subfield code="b">هيئتا تحريرية.</subfield>
   </datafield>
   <datafield ind1="1" ind2="2" tag="880">
      <subfield code="6">245-02/r</subfield>
      <subfield code="a">الامام الخامس، الامام محمد بن علي الباقر /</subfield>
      <subfield code="c">لجنة التحرير في طريق الحق ؛ [ترجمة] محمد عبد المنعم الخاقاني.</subfield>
   </datafield>
   <datafield ind1=" " ind2=" " tag="880">
      <subfield code="6">250-03/r</subfield>
      <subfield code="a">الطبعة 1.</subfield>
   </datafield>
   <datafield ind1=" " ind2=" " tag="880">
      <subfield code="6">260-04/r</subfield>
      <subfield code="a">قم :</subfield>
      <subfield code="b">مؤسسة في طريق الحق،</subfield>
      <subfield code="c">1369 [1990]</subfield>
   </datafield>
   <datafield ind1="0" ind2="4" tag="880">
      <subfield code="6">600-05/r</subfield>
      <subfield code="a">محمد الباقر بن علي زين العابدين،</subfield>
      <subfield code="d">-731 or 732.</subfield>
   </datafield>
   <datafield ind1=" " ind2=" " tag="998">
      <subfield code="a">06/02/94</subfield>
      <subfield code="s">9114</subfield>
      <subfield code="n">NjP</subfield>
      <subfield code="d">06/02/94</subfield>
      <subfield code="c">KC</subfield>
      <subfield code="b">KC</subfield>
      <subfield code="i">940602</subfield>
      <subfield code="l">NJPG</subfield>
   </datafield>
   <datafield ind1=" " ind2=" " tag="911">
      <subfield code="a">19940612</subfield>
   </datafield>
   <datafield ind1=" " ind2=" " tag="912">
      <subfield code="a">19961008034528.0</subfield>
   </datafield>
   <datafield ind1=" " ind2=" " tag="994">
      <subfield code="a">C0</subfield>
      <subfield code="b">PUL</subfield>
   </datafield>
   <datafield ind1=" " ind2=" " tag="999">
      <subfield code="a">889963</subfield>
   </datafield>
   <datafield ind1=" " ind2=" " tag="979">
      <subfield code="a">(OCoLC)ocn176461050</subfield>
   </datafield>
   <datafield ind1="0" ind2="0" tag="852">
      <subfield code="0">1017660</subfield>
      <subfield code="b">rcppa</subfield>
      <subfield code="t">1</subfield>
      <subfield code="h">BP193.15</subfield>
      <subfield code="i">.L346 1990</subfield>
      <subfield code="x">tr fr arab</subfield>
   </datafield>
   <datafield ind1=" " ind2=" " tag="959">
      <subfield code="a">2000-06-13 00:00:00 -0500</subfield>
   </datafield>
</record>
